<?xml version="1.0" encoding="UTF-8"?>
<record xmlns="http://www.loc.gov/MARC21/slim" xmlns:xsi="http://www.w3.org/2001/XMLSchema-instance" xsi:schemaLocation="http://www.loc.gov/MARC21/slim http://www.loc.gov/standards/marcxml/schema/MARC21slim.xsd">
<leader>     nam a2200313 i 4500</leader>
<controlfield tag="001">001725799</controlfield>
<controlfield tag="003">NNU</controlfield>
<controlfield tag="005">20010510113520.0</controlfield>
<controlfield tag="008">830527s1959    le a     b    000 0 engx</controlfield>
<datafield tag="010" ind1=" " ind2=" ">
<subfield code="a">ne 61000174</subfield>
</datafield>
<datafield tag="035" ind1="9" ind2=" ">
<subfield code="a">NYUb12283311</subfield>
</datafield>
<datafield tag="035" ind1=" " ind2=" ">
<subfield code="a">(UPB)notisDFW4919</subfield>
</datafield>
<datafield tag="035" ind1=" " ind2=" ">
<subfield code="a">(UPRA)tmp15081437</subfield>
</datafield>
<datafield tag="035" ind1=" " ind2=" ">
<subfield code="a">(CStRLIN)UTBGRLA208426-B</subfield>
</datafield>
<datafield tag="035" ind1=" " ind2=" ">
<subfield code="a">Reclass</subfield>
</datafield>
<datafield tag="040" ind1=" " ind2=" ">
<subfield code="c">UPRA</subfield>
</datafield>
<datafield tag="041" ind1="1" ind2=" ">
<subfield code="a">eng</subfield>
<subfield code="h">ara</subfield>
</datafield>
<datafield tag="050" ind1="0" ind2=" ">
<subfield code="a">PJ25</subfield>
<subfield code="b">.A6 no. 32</subfield>
</datafield>
<datafield tag="100" ind1="1" ind2=" ">
<subfield code="a">Bīrūnī, Muḥammad ibn Aḥmad,</subfield>
<subfield code="d">973?-1048.</subfield>
</datafield>
<datafield tag="245" ind1="1" ind2="0">
<subfield code="a">al-Bīrūnī on transits;</subfield>
<subfield code="b">a study of an Arabic treatise entitled [title in Arabic]</subfield>
<subfield code="c">by Abū al-Rayḥān Muḥammad ibn Aḥmad al-Bīrūnī. Translated by Mohammad Saffouri &amp; Adnan Ifram. With a commentary by E. S. Kennedy.</subfield>
</datafield>
<datafield tag="260" ind1=" " ind2=" ">
<subfield code="a">[Beirut,</subfield>
<subfield code="b">American University of Beirut]</subfield>
<subfield code="c">1959.</subfield>
</datafield>
<datafield tag="300" ind1=" " ind2=" ">
<subfield code="a">ix, 201 p.</subfield>
<subfield code="b">diagrs.</subfield>
<subfield code="c">25 cm.</subfield>
</datafield>
<datafield tag="490" ind1="1" ind2=" ">
<subfield code="a">Sources and studies in the history of the exact sciences, 1</subfield>
</datafield>
<datafield tag="500" ind1=" " ind2=" ">
<subfield code="a">American University of Beirut. Publication of the Faculty of Arts and Sciences. Oriental series, no. 32.</subfield>
</datafield>
<datafield tag="504" ind1=" " ind2=" ">
<subfield code="a">Bibliography: p. 189-191.</subfield>
</datafield>
<datafield tag="650" ind1=" " ind2="0">
<subfield code="a">Astronomy</subfield>
<subfield code="v">Early works to 1800.</subfield>
</datafield>
<datafield tag="650" ind1=" " ind2="0">
<subfield code="a">Transits.</subfield>
</datafield>
<datafield tag="700" ind1="1" ind2=" ">
<subfield code="a">Kennedy, E. S.</subfield>
<subfield code="q">(Edward Stewart),</subfield>
<subfield code="d">1912-</subfield>
</datafield>
<datafield tag="830" ind1=" " ind2="0">
<subfield code="a">Publication of the Faculty of Arts and Sciences.</subfield>
<subfield code="p">Oriental series ;</subfield>
<subfield code="v">no. 32.</subfield>
</datafield>
<datafield tag="OWN" ind1=" " ind2=" ">
<subfield code="a">GENERAL</subfield>
</datafield>
<datafield tag="950" ind1=" " ind2=" ">
<subfield code="a">PJ25</subfield>
<subfield code="b">.A6\no.32</subfield>
</datafield>
<datafield tag="AVA" ind1=" " ind2=" ">
<subfield code="a">NYU50</subfield>
<subfield code="b">BOBST</subfield>
<subfield code="c">Main Collection</subfield>
<subfield code="d">PJ25 .A6 no.32</subfield>
<subfield code="e">unavailable</subfield>
<subfield code="t">Unavailable</subfield>
<subfield code="f">1</subfield>
<subfield code="g">1</subfield>
<subfield code="h">N</subfield>
<subfield code="i">0</subfield>
<subfield code="j">MAIN</subfield>
<subfield code="k">0</subfield>
</datafield>
</record>
